@article{Legat2024,
  doi = {10.21105/jcon.00093},
  url = {https://doi.org/10.21105/jcon.00093},
  year = {2024},
  publisher = {The Open Journal},
  volume = {6},
  number = {58},
  pages = {93},
  author = {Beno√Æt Legat},
  title = {MutableArithmetics: An API for mutable operations},
  journal = {Proceedings of the JuliaCon Conferences}
}
