@article{bezanson2017julia,
  title={Julia: A fresh approach to numerical computing},
  author={Bezanson, Jeff and Edelman, Alan and Karpinski, Stefan and Shah, Viral B},
  doi={10.1137/141000671},
  journal={SIAM review},
  volume={59},
  number={1},
  pages={65--98},
  year={2017},
  publisher={SIAM}
}

@article{Moore1990,
	author = {Moore, James T. and Bard, Jonathan F.},
	doi = {10.1287/opre.38.5.911},
	issn = {0030-364X},
	journal = {Operations Research},
	keywords = {games: noncooperative,integer: branch-and-bound algorithms,programming},
	mendeley-groups = {bilevel - hierarchical},
	month = {oct},
	number = {5},
	pages = {911--921},
	publisher = { INFORMS },
	title = {{The Mixed Integer Linear Bilevel Programming Problem}},
	url = {http://pubsonline.informs.org/doi/abs/10.1287/opre.38.5.911},
	volume = {38},
	year = {1990}
}

@Article{dunning2017jump,
  author    = {Dunning, Iain and Huchette, Joey and Lubin, Miles},
  journal   = {SIAM Review},
  title     = {{JuMP}: A modeling language for mathematical optimization},
  year      = {2017},
  number    = {2},
  pages     = {295--320},
  volume    = {59},
  doi       = {10.1137/15M1020575},
  publisher = {SIAM},
}

@article{legat2021mathoptinterface,
    title={{MathOptInterface}: a data structure for mathematical optimization problems},
    author={Legat, Beno{\^\i}t and Dowson, Oscar and Dias Garcia, Joaquim and Lubin, Miles},
    journal={INFORMS Journal on Computing},
    year={2021},
    volume={34},
    number={2},
    pages={672--689},
    doi={10.1287/ijoc.2021.1067},
    publisher={INFORMS}
}

@software{verzani2021polynomials,
  author       = {John Verzani and
                  Miles Lucas and
                  Zdeněk Hurák and
                  Jameson Nash},
  title        = {{JuliaMath/Polynomials.jl: v4.0.5}},
  version      = {v4.0.5},
  url          = {https://github.com/JuliaMath/Polynomials.jl}
}

@software{takafumi2021bangbang,
  author       = {Takafumi Arakaki},
  title        = {{JuliaFolds2/BangBang.jl: v0.4.1}},
  version      = {v0.4.1},
  url          = {https://github.com/JuliaFolds2/BangBang.jl}
}

@article{gowda2021high,
  author       = {Shashi Gowda and
                  Yingbo Ma and
                  Alessandro Cheli and
                  Maja Gw{\'{o}}zdz and
                  Viral B. Shah and
                  Alan Edelman and
                  Christopher Rackauckas},
  title        = {High-performance symbolic-numerics via multiple dispatch},
  journal      = {{ACM} Commun. Comput. Algebra},
  volume       = {55},
  number       = {3},
  pages        = {92--96},
  year         = {2021},
  url          = {https://doi.org/10.1145/3511528.3511535},
  doi          = {10.1145/3511528.3511535},
  timestamp    = {Sat, 28 Jan 2023 18:54:19 +0100},
  biburl       = {https://dblp.org/rec/journals/cca/GowdaMCGSER21.bib},
  bibsource    = {dblp computer science bibliography, https://dblp.org}
}

@inproceedings{AbstractAlgebra.jl-2017,
  author = {Fieker, Claus and Hart, William and Hofmann, Tommy and Johansson, Fredrik},
  title = {{Nemo/Hecke: Computer Algebra and Number Theory Packages for the Julia Programming Language}},
  booktitle = {Proceedings of the 2017 ACM on International Symposium on Symbolic and Algebraic Computation},
  series = {ISSAC '17},
  year = {2017},
  pages = {157--164},
  numpages = {8},
  url = {https://doi.acm.org/10.1145/3087604.3087611},
  doi = {10.1145/3087604.3087611},
  publisher = {ACM},
  address = {New York, NY, USA},
}

@ARTICLE{BenchmarkTools.jl-2016,
  author =	 {{Chen}, Jiahao and {Revels}, Jarrett},
  title =	 "{Robust benchmarking in noisy environments}",
  journal =	 {arXiv e-prints},
  keywords =	 {Computer Science - Performance, 68N30, B.8.1, D.2.5},
  year =	 2016,
  month =	 "Aug",
  eid =		 {arXiv:1608.04295},
  archivePrefix ={arXiv},
  eprint =	 {1608.04295},
  primaryClass = {cs.PF},
  adsurl =	 {https://ui.adsabs.harvard.edu/abs/2016arXiv160804295C},
  adsnote =	 {Provided by the SAO/NASA Astrophysics Data System}
}

@Conference{weisser2019polynomial,
  author    = {Weisser, Tillmann and Legat, Beno{\^\i}t and Coey, Chris and Kapelevich, Lea and Vielma, Juan Pablo},
  title     = {Polynomial and Moment Optimization in Julia and JuMP},
  booktitle = {JuliaCon},
  year      = {2019},
  url       = {https://pretalx.com/juliacon2019/talk/QZBKAU/},
}

@Conference{legat2023multivariate,
  author       = {Legat, Beno{\^\i}t},
  title        = {Multivariate polynomials in Julia},
  month        = jul,
  year         = 2022,
  booktitle    = {JuliaCon},
  year         = {2022},
  url          = {https://pretalx.com/juliacon-2022/talk/TRFSJY/},
}